
    <record>
        <leader>00000nz  a2200169   4500</leader>
        <controlfield tag="001">30076524</controlfield>
        <controlfield tag="003">RISM</controlfield>
        <controlfield tag="005">20160216</controlfield>
        <controlfield tag="008">160216n||az|||||||##########||||||||||||</controlfield>
        <datafield tag="040" ind1=" " ind2=" ">
            <subfield code="a">BOL-SUbn</subfield>
        </datafield>
        <datafield tag="043" ind1=" " ind2=" ">
            <subfield code="c">XD-BO</subfield>
        </datafield>
        <datafield tag="110" ind1="2" ind2=" ">
            <subfield code="a">Archivo y Biblioteca Nacionales de Bolivia</subfield>
            <subfield code="c">Sucre</subfield>
            <subfield code="g">BOL-SUbn</subfield>
        </datafield>
        <datafield tag="410" ind1="2" ind2=" ">
            <subfield code="a">Sección de Música</subfield>
        </datafield>
        <datafield tag="622" ind1=" " ind2=" ">
            <subfield code="e">Archivo y Biblioteca Nacionales de,  Bolivia, Calle España N° 43, Sucre, Bolivia</subfield>
            <subfield code="u">http://www.archivoybibliotecanacionales.org.bo/index.php</subfield>
        </datafield>
    </record>
</collection>


